<record><leader>00000cas a22000007a 4500</leader><controlfield tag="001">8808051</controlfield><controlfield tag="008">820925d18761877ksudr ne      0    0eng  </controlfield><datafield ind1=" " ind2=" " tag="010"><subfield code="a">sn 82015336 </subfield></datafield><datafield ind1=" " ind2=" " tag="040"><subfield code="a">DLC</subfield><subfield code="b">eng</subfield><subfield code="c">DLC</subfield><subfield code="d">NPT</subfield><subfield code="d">NPX</subfield><subfield code="d">NPT</subfield><subfield code="d">DLC</subfield><subfield code="d">OCLCQ</subfield></datafield><datafield ind1=" " ind2=" " tag="042"><subfield code="a">msc</subfield></datafield><datafield ind1="0" ind2="0" tag="050"><subfield code="a">Newspaper 7803-X</subfield></datafield><datafield ind1="0" ind2="0" tag="245"><subfield code="a">Atchison patriot.</subfield></datafield><datafield ind1="1" ind2="3" tag="246"><subfield code="a">Patriot</subfield></datafield><datafield ind1=" " ind2=" " tag="250"><subfield code="a">Daily ed.</subfield></datafield><datafield ind1=" " ind2=" " tag="260"><subfield code="a">Atchison, Kan. :</subfield><subfield code="b">Park, Vandergrift &amp; Peters</subfield></datafield><datafield ind1=" " ind2=" " tag="300"><subfield code="a">v. ;</subfield><subfield code="c">63 cm.</subfield></datafield><datafield ind1=" " ind2=" " tag="310"><subfield code="a">Daily</subfield></datafield><datafield ind1="1" ind2=" " tag="362"><subfield code="a">Began in Jan. 1876? Ceased in Oct. 1877?</subfield></datafield><datafield ind1=" " ind2=" " tag="500"><subfield code="a">"Democratic."</subfield></datafield><datafield ind1=" " ind2=" " tag="500"><subfield code="a">Editors: H. Clay Park; Frederick L. Vandergrift; P.H. Peters.</subfield></datafield><datafield ind1=" " ind2=" " tag="525"><subfield code="a">Apr. 28, 1877 issue has supplement.</subfield></datafield><datafield ind1=" " ind2=" " tag="588"><subfield code="a">Description based on: Vol. 18, no. 61 (Jan. 11, 1876).</subfield></datafield><datafield ind1="1" ind2=" " tag="700"><subfield code="a">Park, H. Clay.</subfield></datafield><datafield ind1="1" ind2=" " tag="700"><subfield code="a">Vandergrift, Frederick L.</subfield></datafield><datafield ind1=" " ind2=" " tag="752"><subfield code="a">United States</subfield><subfield code="b">Kansas</subfield><subfield code="c">Atchison</subfield><subfield code="d">Atchison.</subfield></datafield><datafield ind1="0" ind2=" " tag="775"><subfield code="t">Atchison patriot (Atchison, Kan. : 1876 : weekly)</subfield><subfield code="w">(DLC)sn 86064509</subfield></datafield><datafield ind1="0" ind2="0" tag="780"><subfield code="t">Daily Atchison patriot</subfield><subfield code="w">(DLC)sn 83040091</subfield></datafield><datafield ind1="0" ind2="0" tag="785"><subfield code="t">Atchison daily patriot</subfield><subfield code="w">(DLC)sn 83040093</subfield></datafield><datafield ind1="1" ind2=" " tag="029"><subfield code="a">AU@</subfield><subfield code="b">000025829605</subfield></datafield></record>